<?xml version="1.0" encoding="UTF-8"?>
<record xmlns="http://www.loc.gov/MARC21/slim" xmlns:xsi="http://www.w3.org/2001/XMLSchema-instance" xsi:schemaLocation="http://www.loc.gov/MARC21/slim http://www.loc.gov/standards/marcxml/schema/MARC21slim.xsd">
<leader>     cam a22002530  4500</leader>
<controlfield tag="001">002769278</controlfield>
<controlfield tag="003">NNU</controlfield>
<controlfield tag="005">19940713181853.0</controlfield>
<controlfield tag="008">860623m19251929ua       b    000 0 arar</controlfield>
<datafield tag="010" ind1=" " ind2=" ">
<subfield code="a">72210206</subfield>
</datafield>
<datafield tag="035" ind1=" " ind2=" ">
<subfield code="a">(CStRLIN)NYUG86-B21349</subfield>
</datafield>
<datafield tag="035" ind1=" " ind2=" ">
<subfield code="a">GLIS004713990</subfield>
</datafield>
<datafield tag="035" ind1="9" ind2=" ">
<subfield code="a">NYUb10471399</subfield>
</datafield>
<datafield tag="040" ind1=" " ind2=" ">
<subfield code="c">NNU</subfield>
<subfield code="d">NNU</subfield>
</datafield>
<datafield tag="050" ind1="0" ind2=" ">
<subfield code="a">Z6621</subfield>
<subfield code="b">.A3614</subfield>
</datafield>
<datafield tag="090" ind1=" " ind2=" ">
<subfield code="a">Z6621</subfield>
<subfield code="b">.A3614</subfield>
<subfield code="i">06/24/86 CT</subfield>
</datafield>
<datafield tag="110" ind1="1" ind2=" ">
<subfield code="a">Alexandria (Egypt).</subfield>
<subfield code="b">al-Maktabah al-Baladīyah.</subfield>
</datafield>
<datafield tag="245" ind1="1" ind2="0">
<subfield code="a">Fihris ...</subfield>
<subfield code="c">bi-qalam Aḥmad Abū ʻAlī.</subfield>
</datafield>
<datafield tag="260" ind1=" " ind2=" ">
<subfield code="a">Iskandarīyah,</subfield>
<subfield code="b">Sharikat al-Maṭbūʻat al-Miṣrīyah,</subfield>
<subfield code="c">1925-1929.</subfield>
</datafield>
<datafield tag="300" ind1=" " ind2=" ">
<subfield code="a">6 v.</subfield>
<subfield code="c">25 cm.</subfield>
</datafield>
<datafield tag="500" ind1=" " ind2=" ">
<subfield code="a">At head of title: al-Maktabah al-Baladīyah.</subfield>
</datafield>
<datafield tag="500" ind1=" " ind2=" ">
<subfield code="a">Vols. [1] and [5] lack general t.p.; v. [2]-[4] have cover title only. Many subject subdivisions have special title pages and pagination.</subfield>
</datafield>
<datafield tag="500" ind1=" " ind2=" ">
<subfield code="a">Includes printed books and manuscripts.</subfield>
</datafield>
<datafield tag="505" ind1="0" ind2=" ">
<subfield code="a">[1.] al-Taʼrīkh: al-Sīrah al-nabawīyah al-sharīfah. al-Taʼrīkh al-ʻām wa-al-ḥāṣṣ. al-Jughrāfīyā. al-Taʼrīkh al-ṭabʻīyah. 1925-26. -- [2.] al-ʻUlūm al-ʻarabīyah: ʻIlm al-taṣrīf. ʻIlm al-naḥw. ʻUlum al-balāghah. ʻIlm al-waḍʻ. ʻIlm al-lughah. ʻIlm al-ʻarūḍ wa-al-qawāfī. al-Adab. al-Muṣannafāt al-ijtimāʻīyah wa-al-iqtiṣādīyah wa-al-siyāsīyah. 1927. -- [3.] Kutub uṣūl al-sharīʻah al-Islāmīyah: al-Qurʼān al-sharīf. ʻIlm al-qirāʼāt wa-al-tajwīd wa-rasm al-maṣḥaf. ʻIlm al-tafsīr wa-mulḥaqātih. ʻIlm muṣṭalaḥ al-ḥadīth. ʻIlm al-ḥadīth al-sharīf. Kutub furūʻ al-sharīʻah al-Islāmīyah: ʻIlm uṣūl al-fiqh. al-Madhāhib al-arbaʻah. ʻIlm al-farāʼiḍ. 1927. -- [4.] al-Ilāhiyāt wa-mā yandaraj taḥtahā: al-Tawḥīd. al-Taṣawwuf. al-Fawāʼid wa-al-ādamīyah. al-Ḥurūf wa-al-asmāʼ. al-Farq al-Islāmīyah. al-Adyān. al-Muʻtaqadāt. al-Falsafīyāt wa-mā yajrī majrāhā: al-Manṭiq. al-Ḥikmah wa-al-falsafah. al-Mawāʼiẓ wa-al-akhlāq. Ādāb al-baḥth wa-al-manāẓirah. al-Tarbīyah wa-al-taʻlīm. 1928. -- [5.] al-Ṭabīʻīyāt wa-mā yajrī majrāhā, wa-hiya: al-Ṭibb bi-furūʻih. al-Kīmīyā wa-al-ṭabīʻah. al-Zirāʻah. al-Riyāḍīyāt wa-mā bi-tabaʻihā. al-Qawānīn wa-al-sharāʼiʻ. Aʻmāl al-ḥukūmah al-Miṣrīyah. 1928. -- [6.] al-Funūn al-munawwaʻah. al-Qiṣaṣ wa-al-riwāyāt.</subfield>
</datafield>
<datafield tag="700" ind1="1" ind2=" ">
<subfield code="a">Abū ʻAlī, Aḥmad.</subfield>
</datafield>
<datafield tag="OWN" ind1=" " ind2=" ">
<subfield code="a">GENERAL</subfield>
</datafield>
<datafield tag="AVA" ind1=" " ind2=" ">
<subfield code="a">NYU50</subfield>
<subfield code="b">BOBST</subfield>
<subfield code="c">Main Collection</subfield>
<subfield code="d">Z6621 .A3614</subfield>
<subfield code="e">unavailable</subfield>
<subfield code="t">Unavailable</subfield>
<subfield code="f">1</subfield>
<subfield code="g">1</subfield>
<subfield code="h">Y</subfield>
<subfield code="i">0</subfield>
<subfield code="j">MAIN</subfield>
<subfield code="k">0</subfield>
</datafield>
</record>
